@article{DBLP:journals/ml/Ben-DavidBCKPV10,
  author    = {Shai Ben{-}David and
               John Blitzer and
               Koby Crammer and
               Alex Kulesza and
               Fernando Pereira and
               Jennifer Wortman Vaughan},
  title     = {A theory of learning from different domains},
  journal   = {Machine Learning},
  volume    = {79},
  number    = {1-2},
  pages     = {151--175},
  year      = {2010}
}

@inproceedings{chen2020harmonizing,
	title={Harmonizing transferability and discriminability for adapting object detectors},
	author={Chen, Chaoqi and Zheng, Zebiao and Ding, Xinghao and Huang, Yue and Dou, Qi},
	booktitle={Proceedings of the IEEE/CVF Conference on Computer Vision and Pattern Recognition},
	pages={8869--8878},
	year={2020}
}

@inproceedings{chen2021I3NET,
	title={I3Net: Implicit Instance-Invariant Network for Adapting One-Stage Object Detectors},
	author={Chen, Chaoqi and Zheng, Zebiao and Huang, Yue and Ding, Xinghao and Yu, Yizhou},
	booktitle={IEEE Conference on Computer Vision and Pattern Recognition (CVPR)},
	year={2021}
}

@article{Li2019WaveletKernelNetAI,
	title={WaveletKernelNet: An Interpretable Deep Neural Network for Industrial Intelligent Diagnosis},
	author={Tianfu Li and Zhibin Zhao and Chuang Sun and L. Cheng and Xuefeng Chen and Ruqaing Yan and R. Gao},
	journal={ArXiv},
	year={2019},
	volume={abs/1911.07925}
}

@article{Qin2020OppositeSL,
	title={Opposite Structure Learning for Semi-supervised Domain Adaptation},
	author={Can Qin and Lichen Wang and Qianqian Ma and Yu Yin and H. Wang and Y. Fu},
	journal={ArXiv},
	year={2020},
	volume={abs/2002.02545}
}

@article{Yang2020DeepCW,
	title={Deep Co-Training with Task Decomposition for Semi-Supervised Domain Adaptation.},
	author={L. Yang and Yan Wang and Mingfei Gao and Abhinav Shrivastava and Kilian Q. Weinberger and Wei-Lun Chao and Ser-Nam Lim},
	journal={arXiv: Computer Vision and Pattern Recognition},
	year={2020}
}

@article{Li2019SemiSupervisedDA,
	title={Semi-Supervised Domain Adaptation by Covariance Matching},
	author={Limin Li and Zhenyue Zhang},
	journal={IEEE Transactions on Pattern Analysis and Machine Intelligence},
	year={2019},
	volume={41},
	pages={2724-2739}
}

@inproceedings{Kim2020AttractPA,
	title={Attract, Perturb, and Explore: Learning a Feature Alignment Network for Semi-supervised Domain Adaptation},
	author={Tae-Kyung Kim and Changick Kim},
	booktitle={ECCV},
	year={2020}
}

@article{Li2020MultireceptiveFG,
	title={Multi-receptive Field Graph Convolutional Networks for Machine Fault Diagnosis},
	author={Tianfu Li and Zhibin Zhao and C. Sun and Ruqiang Yan and Xuefeng Chen},
	journal={IEEE Transactions on Industrial Electronics},
	year={2020},
	pages={1-1}
}


@article{gretton2012kernel,
  author    = {Arthur Gretton and
               Karsten M. Borgwardt and
               Malte J. Rasch and
               Bernhard Sch{\"{o}}lkopf and
               Alexander J. Smola},
  title     = {A Kernel Two-Sample Test},
  journal   = {J. Mach. Learn. Res.},
  volume    = {13},
  pages     = {723--773},
  year      = {2012}
}

@inproceedings{sun2016return,
	title={Return of frustratingly easy domain adaptation},
	author={Sun, Baochen and Feng, Jiashi and Saenko, Kate},
	booktitle={Proceedings of the AAAI Conference on Artificial Intelligence},
	volume={30},
	number={1},
	year={2016}
}

@article{Chen2020DomainAB,
	title={Domain Adaptation by Joint Distribution Invariant Projections},
	author={Sentao Chen and M. Harandi and Xiaona Jin and X. Yang},
	journal={IEEE Transactions on Image Processing},
	year={2020},
	volume={29},
	pages={8264-8277}
}

@article{Jingjing2019LocalityPJ,
	title={Locality Preserving Joint Transfer for Domain Adaptation},
	author={Li Jing-jing and Jing Mengmeng and Lu Ke and Z. Lei and S. Tao},
	journal={arXiv: Computer Vision and Pattern Recognition},
	year={2019}
}

@inproceedings{panareda2017open,
	title={Open set domain adaptation},
	author={Panareda Busto, Pau and Gall, Juergen},
	booktitle={Proceedings of the IEEE International Conference on Computer Vision},
	pages={754--763},
	year={2017}
}

@inproceedings{cao2018partial,
	title={Partial adversarial domain adaptation},
	author={Cao, Zhangjie and Ma, Lijia and Long, Mingsheng and Wang, Jianmin},
	booktitle={Proceedings of the European Conference on Computer Vision (ECCV)},
	pages={135--150},
	year={2018}
}

@inproceedings{kang2019contrastive,
	title={Contrastive adaptation network for unsupervised domain adaptation},
	author={Kang, Guoliang and Jiang, Lu and Yang, Yi and Hauptmann, Alexander G},
	booktitle={Proceedings of the IEEE Conference on Computer Vision and Pattern Recognition},
	pages={4893--4902},
	year={2019}
}

@inproceedings{long2015learning,
  author    = {Mingsheng Long and
               Yue Cao and
               Jianmin Wang and
               Michael I. Jordan},
  editor    = {Francis R. Bach and
               David M. Blei},
  title     = {Learning Transferable Features with Deep Adaptation Networks},
  booktitle = {Proceedings of the 32nd International Conference on Machine Learning},
  series    = {{JMLR} Workshop and Conference Proceedings},
  volume    = {37},
  pages     = {97--105},
  publisher = {JMLR.org},
  year      = {2015}
}

@inproceedings{long2017deep,
title={Deep transfer learning with joint adaptation networks},
author={Long, Mingsheng and Zhu, Han and Wang, Jianmin and Jordan, Michael I},
booktitle={ICML},
year={2017}
}


@inproceedings{ganin2014unsupervised,
  author    = {Yaroslav Ganin and
               Victor S. Lempitsky},
  editor    = {Francis R. Bach and
               David M. Blei},
  title     = {Unsupervised Domain Adaptation by Backpropagation},
  booktitle = {Proceedings of the 32nd International Conference on Machine Learning},
  series    = {{JMLR} Workshop and Conference Proceedings},
  volume    = {37},
  pages     = {1180--1189},
  publisher = {JMLR.org},
  year      = {2015}
}


@article{ganin2016domain,
  author    = {Yaroslav Ganin and
               Evgeniya Ustinova and
               Hana Ajakan and
               Pascal Germain and
               Hugo Larochelle and
               Fran{\c{c}}ois Laviolette and
               Mario Marchand and
               Victor S. Lempitsky},
  title     = {Domain-Adversarial Training of Neural Networks},
  journal   = {J. Mach. Learn. Res.},
  volume    = {17},
  pages     = {59:1--59:35},
  year      = {2016}
}


@inproceedings{xie2018learning,
  author    = {Shaoan Xie and
               Zibin Zheng and
               Liang Chen and
               Chuan Chen},
  editor    = {Jennifer G. Dy and
               Andreas Krause},
  title     = {Learning Semantic Representations for Unsupervised Domain Adaptation},
  booktitle = {Proceedings of the 35th International Conference on Machine Learning},
  series    = {Proceedings of Machine Learning Research},
  volume    = {80},
  pages     = {5419--5428},
  publisher = {{PMLR}},
  year      = {2018}
}


@inproceedings{chen2019progressive,
  title={Progressive feature alignment for unsupervised domain adaptation},
  author={Chen, Chaoqi and Xie, Weiping and Huang, Wenbing and Rong, Yu and Ding, Xinghao and Huang, Yue and Xu, Tingyang and Huang, Junzhou},
  booktitle={Proceedings of the IEEE Conference on Computer Vision and Pattern Recognition},
  pages={627--636},
  year={2019}
}


@inproceedings{zou2018domain,
  title={Unsupervised domain adaptation for semantic segmentation via class-balanced self-training},
  author={Zou, Yang and Yu, Zhiding and Vijaya Kumar, BVK and Wang, Jinsong},
  booktitle={Proceedings of the European conference on computer vision (ECCV)},
  pages={289--305},
  year={2018}
}


@inproceedings{saito2017asymmetric,
  title={Asymmetric tri-training for unsupervised domain adaptation},
  author={Saito, Kuniaki and Ushiku, Yoshitaka and Harada, Tatsuya},
  booktitle={Proceedings of the 34th International Conference on Machine Learning-Volume 70},
  pages={2988--2997},
  year={2017},
  organization={JMLR. org}
}


@inproceedings{saenko2010adapting,
title={Adapting visual category models to new domains},
author={Saenko, Kate and Kulis, Brian and Fritz, Mario and Darrell, Trevor},
booktitle={ECCV},
year={2010},
organization={Springer}
}

@article{Amodei2015Deep,
  title={Deep Speech 2: End-to-End Speech Recognition in English and Mandarin},
  author={Amodei, Dario and Ananthanarayanan, Sundaram and Anubhai, Rishita and Bai, Jingliang and Zhu, Zhenyao},
  journal={Computer Science},
  year={2015},
}


@inproceedings{venkateswara2017deep,
  title={Deep hashing network for unsupervised domain adaptation},
  author={Venkateswara, Hemanth and Eusebio, Jose and Chakraborty, Shayok and Panchanathan, Sethuraman},
  booktitle={Proceedings of the IEEE Conference on Computer Vision and Pattern Recognition},
  pages={5018--5027},
  year={2017}
}


@article{saito2019semi,
  author    = {Kuniaki Saito and
               Donghyun Kim and
               Stan Sclaroff and
               Trevor Darrell and
               Kate Saenko},
  title     = {Semi-supervised Domain Adaptation via Minimax Entropy},
  journal   = {CoRR},
  volume    = {abs/1904.06487},
  year      = {2019}
}


@inproceedings{cai2019learning,
  title={Learning disentangled semantic representation for domain adaptation},
  author={Cai, Ruichu and Li, Zijian and Wei, Pengfei and Qiao, Jie and Zhang, Kun and Hao, Zhifeng},
  booktitle={IJCAI: proceedings of the conference},
  volume={2019},
  pages={2060},
  year={2019},
  organization={NIH Public Access}
}


@inproceedings{he2016deep,
  title={Deep residual learning for image recognition},
  author={He, Kaiming and Zhang, Xiangyu and Ren, Shaoqing and Sun, Jian},
  booktitle={Proceedings of the IEEE conference on computer vision and pattern recognition},
  pages={770--778},
  year={2016}
}


@inproceedings{zou2019confidence,
  title={Confidence regularized self-training},
  author={Zou, Yang and Yu, Zhiding and Liu, Xiaofeng and Kumar, BVK and Wang, Jinsong},
  booktitle={Proceedings of the IEEE International Conference on Computer Vision},
  pages={5982--5991},
  year={2019}
}

@inproceedings{long2018conditional,
  title={Conditional adversarial domain adaptation},
  author={Long, Mingsheng and Cao, Zhangjie and Wang, Jianmin and Jordan, Michael I},
  booktitle={Advances in Neural Information Processing Systems},
  pages={1640--1650},
  year={2018}
}

@inproceedings{xu2019larger,
  title={Larger Norm More Transferable: An Adaptive Feature Norm Approach for Unsupervised Domain Adaptation},
  author={Xu, Ruijia and Li, Guanbin and Yang, Jihan and Lin, Liang},
  booktitle={Proceedings of the IEEE International Conference on Computer Vision},
  pages={1426--1435},
  year={2019}
}


@inproceedings{zhang2019domain,
  title={Domain-symmetric networks for adversarial domain adaptation},
  author={Zhang, Yabin and Tang, Hui and Jia, Kui and Tan, Mingkui},
  booktitle={Proceedings of the IEEE Conference on Computer Vision and Pattern Recognition},
  pages={5031--5040},
  year={2019}
}


@article{tang2019discriminative,
  title={Discriminative Adversarial Domain Adaptation},
  author={Tang, Hui and Jia, Kui},
  journal={arXiv preprint arXiv:1911.12036},
  year={2019}
}


@inproceedings{saito2018maximum,
  title={Maximum classifier discrepancy for unsupervised domain adaptation},
  author={Saito, Kuniaki and Watanabe, Kohei and Ushiku, Yoshitaka and Harada, Tatsuya},
  booktitle={Proceedings of the IEEE Conference on Computer Vision and Pattern Recognition},
  pages={3723--3732},
  year={2018}
}

@inproceedings{grandvalet2005semi,
  title={Semi-supervised learning by entropy minimization},
  author={Grandvalet, Yves and Bengio, Yoshua},
  booktitle={Advances in neural information processing systems},
  pages={529--536},
  year={2005}
}

@inproceedings{Donahue2014DeCAFAD,
	title={DeCAF: A Deep Convolutional Activation Feature for Generic Visual Recognition},
	author={J. Donahue and Y. Jia and Oriol Vinyals and Judy Hoffman and Ning Zhang and E. Tzeng and Trevor Darrell},
	booktitle={ICML},
	year={2014}
}

@article{Ghifary2017ScatterCA,
	title={Scatter Component Analysis: A Unified Framework for Domain Adaptation and Domain Generalization},
	author={Muhammad Ghifary and D. Balduzzi and W. Kleijn and M. Zhang},
	journal={IEEE Transactions on Pattern Analysis and Machine Intelligence},
	year={2017},
	volume={39},
	pages={1414-1430}
}

@article{pan2010domain,
	title={Domain adaptation via transfer component analysis},
	author={Pan, Sinno Jialin and Tsang, Ivor W and Kwok, James T and Yang, Qiang},
	journal={IEEE Transactions on Neural Networks},
	volume={22},
	number={2},
	pages={199--210},
	year={2010},
	publisher={IEEE}
}

@article{Wu2020GeometricKE,
	title={Geometric Knowledge Embedding for unsupervised domain adaptation},
	author={Hanrui Wu and Yuguang Yan and Yuzhong Ye and M. Ng and Q. Wu},
	journal={Knowl. Based Syst.},
	year={2020},
	volume={191},
	pages={105155}
}

@article{Sun2019InformativeFS,
	title={Informative Feature Selection for Domain Adaptation},
	author={F. Sun and Hanrui Wu and Zhihang Luo and Wenwen Gu and Yuguang Yan and Qing Du},
	journal={IEEE Access},
	year={2019},
	volume={7},
	pages={142551-142563}
}

@article{Wu2020IterativeRF,
	title={Iterative Refinement for Multi-source Visual Domain Adaptation},
	author={Hanrui Wu and Yuguang Yan and Guosheng Lin and Min Yang and M. Ng and Q. Wu},
	journal={IEEE Transactions on Knowledge and Data Engineering},
	year={2020},
	pages={1-1}
}

@inproceedings{Yan2018SemiSupervisedOT,
	title={Semi-Supervised Optimal Transport for Heterogeneous Domain Adaptation},
	author={Yuguang Yan and W. Li and Hanrui Wu and Huaqing Min and Mingkui Tan and Q. Wu},
	booktitle={IJCAI},
	year={2018}
}

@article{Zhang2020CollaborativeUD,
	title={Collaborative Unsupervised Domain Adaptation for Medical Image Diagnosis},
	author={Yifan Zhang and Y. Wei and Q. Wu and P. Zhao and Shuaicheng Niu and Junzhou Huang and Mingkui Tan},
	journal={IEEE Transactions on Image Processing},
	year={2020},
	volume={29},
	pages={7834-7844}
}

@article{Rahman2020OnMD,
	title={On Minimum Discrepancy Estimation for Deep Domain Adaptation},
	author={M. Rahman and C. Fookes and M. Baktash and S. Sridharan},
	journal={ArXiv},
	year={2020},
	volume={abs/1901.00282}
}

@article{HAN2021106809,
	title = {Label propagation with multi-stage inference for visual domain adaptation},
	journal = {Knowledge-Based Systems},
	volume = {216},
	pages = {106809},
	year = {2021},
	issn = {0950-7051},
	author = {Chao Han and Deyun Zhou and Yu Xie and Yu Lei and Jiao Shi},
}

@inproceedings{krizhevsky2012imagenet,
  author    = {Alex Krizhevsky and
               Ilya Sutskever and
               Geoffrey E. Hinton},
  editor    = {Peter L. Bartlett and
               Fernando C. N. Pereira and
               Christopher J. C. Burges and
               L{\'{e}}on Bottou and
               Kilian Q. Weinberger},
  title     = {ImageNet Classification with Deep Convolutional Neural Networks},
  booktitle = {Advances in Neural Information Processing Systems},
  pages     = {1106--1114},
  year      = {2012}
}

@article{pan2010domain,
	title={Domain adaptation via transfer component analysis},
	author={Pan, Sinno Jialin and Tsang, Ivor W and Kwok, James T and Yang, Qiang},
	journal={IEEE Transactions on Neural Networks},
	volume={22},
	number={2},
	pages={199--210},
	year={2010},
	publisher={IEEE}
}


@inproceedings{simonyan2014very,
  author    = {Karen Simonyan and
               Andrew Zisserman},
  editor    = {Yoshua Bengio and
               Yann LeCun},
  title     = {Very Deep Convolutional Networks for Large-Scale Image Recognition},
  booktitle = {3rd International Conference on Learning Representations},
  year      = {2015}
}


@inproceedings{saito2017adversarial,
  author    = {Kuniaki Saito and
               Yoshitaka Ushiku and
               Tatsuya Harada and
               Kate Saenko},
  title     = {Adversarial Dropout Regularization},
  booktitle = {6th International Conference on Learning Representationss},
  publisher = {OpenReview.net},
  year      = {2018}
}

@inproceedings{zhang2019bridging,
  author    = {Yuchen Zhang and
               Tianle Liu and
               Mingsheng Long and
               Michael I. Jordan},
  editor    = {Kamalika Chaudhuri and
               Ruslan Salakhutdinov},
  title     = {Bridging Theory and Algorithm for Domain Adaptation},
  booktitle = {Proceedings of the 36th International Conference on Machine Learning}},
  series    = {Proceedings of Machine Learning Research},
  volume    = {97},
  pages     = {7404--7413},
  publisher = {{PMLR}},
  year      = {2019}
}


@inproceedings{laine2016temporal,
  author    = {Samuli Laine and
               Timo Aila},
  title     = {Temporal Ensembling for Semi-Supervised Learning},
  booktitle = {5th International Conference on Learning Representations, {ICLR}},
  publisher = {OpenReview.net},
  year      = {2017}
}


@article{berthelot2019remixmatch,
  title={ReMixMatch: Semi-Supervised Learning with Distribution Alignment and Augmentation Anchoring},
  author={Berthelot, David and Carlini, Nicholas and Cubuk, Ekin D and Kurakin, Alex and Sohn, Kihyuk and Zhang, Han and Raffel, Colin},
  journal={arXiv preprint arXiv:1911.09785},
  year={2019}
}


@inproceedings{berthelot2019mixmatch,
  title={Mixmatch: A holistic approach to semi-supervised learning},
  author={Berthelot, David and Carlini, Nicholas and Goodfellow, Ian and Papernot, Nicolas and Oliver, Avital and Raffel, Colin A},
  booktitle={Advances in Neural Information Processing Systems},
  pages={5050--5060},
  year={2019}
}


@inproceedings{lee2013pseudo,
  title={Pseudo-label: The simple and efficient semi-supervised learning method for deep neural networks},
  author={Lee, Dong-Hyun},
  booktitle={Workshop on challenges in representation learning, ICML},
  volume={3},
  pages={2},
  year={2013}
}

@inproceedings{zhang2016understanding,
  author    = {Chiyuan Zhang and
               Samy Bengio and
               Moritz Hardt and
               Benjamin Recht and
               Oriol Vinyals},
  title     = {Understanding deep learning requires rethinking generalization},
  booktitle = {5th International Conference on Learning Representations}},
  publisher = {OpenReview.net},
  year      = {2017}
}

@inproceedings{li2019cycle,
  title={Cycle-consistent Conditional Adversarial Transfer Networks},
  author={Li, Jingjing and Chen, Erpeng and Ding, Zhengming and Zhu, Lei and Lu, Ke and Huang, Zi},
  booktitle={Proceedings of the 27th ACM International Conference on Multimedia},
  pages={747--755},
  year={2019}
}

@inproceedings{motiian2017unified,
  title={Unified deep supervised domain adaptation and generalization},
  author={Motiian, Saeid and Piccirilli, Marco and Adjeroh, Donald A and Doretto, Gianfranco},
  booktitle={Proceedings of the IEEE International Conference on Computer Vision},
  pages={5715--5725},
  year={2017}
}

@article{qin2020opposite,
  title={Opposite Structure Learning for Semi-supervised Domain Adaptation},
  author={Qin, Can and Wang, Lichen and Ma, Qianqian and Yin, Yu and Wang, Huan and Fu, Yun},
  journal={arXiv preprint arXiv:2002.02545},
  year={2020}
}

@article{maaten2008visualizing,
  title={Visualizing data using t-SNE},
  author={Maaten, Laurens van der and Hinton, Geoffrey},
  journal={Journal of machine learning research},
  volume={9},
  number={Nov},
  pages={2579--2605},
  year={2008}
}

@inproceedings{DBLP:conf/mm/0008LXSDH19,
  author    = {Shuang Li and
               Chi Harold Liu and
               Binhui Xie and
               Limin Su and
               Zhengming Ding and
               Gao Huang},
  editor    = {Laurent Amsaleg and
               Benoit Huet and
               Martha A. Larson and
               Guillaume Gravier and
               Hayley Hung and
               Chong{-}Wah Ngo and
               Wei Tsang Ooi},
  title     = {Joint Adversarial Domain Adaptation},
  booktitle = {Proceedings of the 27th {ACM} International Conference on Multimedia},
  pages     = {729--737},
  publisher = {{ACM}},
  year      = {2019}
}

@article{DBLP:journals/corr/abs-1812-00893,
  author    = {Weijian Deng and
               Liang Zheng and
               Jianbin Jiao},
  title     = {Domain Alignment with Triplets},
  journal   = {CoRR},
  volume    = {abs/1812.00893},
  year      = {2018}
}

@inproceedings{DBLP:conf/cvpr/ZhangO0018,
  author    = {Weichen Zhang and
               Wanli Ouyang and
               Wen Li and
               Dong Xu},
  title     = {Collaborative and Adversarial Network for Unsupervised Domain Adaptation},
  booktitle = {2018 {IEEE} Conference on Computer Vision and Pattern Recognition},
  pages     = {3801--3809},
  publisher = {{IEEE} Computer Society},
  year      = {2018}
}

@article{wang2018deep,
  title={Deep visual domain adaptation: A survey},
  author={Wang, Mei and Deng, Weihong},
  journal={Neurocomputing},
  volume={312},
  pages={135--153},
  year={2018},
  publisher={Elsevier}
}

@inproceedings{DBLP:conf/iclr/FrenchMF18,
  author    = {Geoffrey French and
               Michal Mackiewicz and
               Mark H. Fisher},
  title     = {Self-ensembling for visual domain adaptation},
  booktitle = {6th International Conference on Learning Representations},
  publisher = {OpenReview.net},
  year      = {2018}
}

@inproceedings{DBLP:conf/iclr/TarvainenV17,
  author    = {Antti Tarvainen and
               Harri Valpola},
  title     = {Mean teachers are better role models: Weight-averaged consistency
               targets improve semi-supervised deep learning results},
  booktitle = {5th International Conference on Learning Representations},
  publisher = {OpenReview.net},
  year      = {2017}
}

@inproceedings{DBLP:journals/corr/SzegedyZSBEGF13,
  author    = {Christian Szegedy and
               Wojciech Zaremba and
               Ilya Sutskever and
               Joan Bruna and
               Dumitru Erhan and
               Ian J. Goodfellow and
               Rob Fergus},
  editor    = {Yoshua Bengio and
               Yann LeCun},
  title     = {Intriguing properties of neural networks},
  booktitle = {2nd International Conference on Learning Representations},
  year      = {2014}
}

@inproceedings{goodfellow2014generative,
  title={Generative adversarial nets},
  author={Goodfellow, Ian and Pouget-Abadie, Jean and Mirza, Mehdi and Xu, Bing and Warde-Farley, David and Ozair, Sherjil and Courville, Aaron and Bengio, Yoshua},
  booktitle={Advances in neural information processing systems},
  pages={2672--2680},
  year={2014}
}

@inproceedings{SunS16Deep,
  author    = {Baochen Sun and
               Kate Saenko},
  editor    = {Gang Hua and
               Herv{\'{e}} J{\'{e}}gou},
  title     = {Deep {CORAL:} Correlation Alignment for Deep Domain Adaptation},
  booktitle = {Computer Vision - {ECCV} 2016 Workshops},
  series    = {Lecture Notes in Computer Science},
  volume    = {9915},
  pages     = {443--450},
  year      = {2016}
}

@inproceedings{SanjayVariational,
  author    = {Sanjay Purushotham and
               Wilka Carvalho and
               Tanachat Nilanon and
               Yan Liu},
  title     = {Variational Recurrent Adversarial Deep Domain Adaptation},
  booktitle = {5th International Conference on Learning Representations},
  publisher = {OpenReview.net},
  year      = {2017}
}

@article{tzeng2014deep,
  title={Deep domain confusion: Maximizing for domain invariance},
  author={Tzeng, Eric and Hoffman, Judy and Zhang, Ning and Saenko, Kate and Darrell, Trevor},
  journal={arXiv preprint arXiv:1412.3474},
  year={2014}
}
@inproceedings{sun2016return,
  title={Return of frustratingly easy domain adaptation},
  author={Sun, Baochen and Feng, Jiashi and Saenko, Kate},
  booktitle={Thirtieth AAAI Conference on Artificial Intelligence},
  year={2016}
}

@article{pan2009survey,
  title={A survey on transfer learning},
  author={Pan, Sinno Jialin and Yang, Qiang},
  journal={IEEE Transactions on knowledge and data engineering},
  volume={22},
  number={10},
  pages={1345--1359},
  year={2009},
  publisher={IEEE}
}

@article{lecun2015deep,
  title={Deep learning},
  author={LeCun, Yann and Bengio, Yoshua and Hinton, Geoffrey},
  journal={nature},
  volume={521},
  number={7553},
  pages={436--444},
  year={2015},
  publisher={Nature Publishing Group}
}

@inproceedings{zhang2019unsupervised,
  title={Unsupervised Domain Adaptation for 3D Human Pose Estimation},
  author={Zhang, Xiheng and Wong, Yongkang and Kankanhalli, Mohan S and Geng, Weidong},
  booktitle={Proceedings of the 27th ACM International Conference on Multimedia},
  pages={926--934},
  year={2019}
}

@inproceedings{liu2019novel,
  title={A Novel Two-stage Separable Deep Learning Framework for Practical Blind Watermarking},
  author={Liu, Yang and Guo, Mengxi and Zhang, Jian and Zhu, Yuesheng and Xie, Xiaodong},
  booktitle={Proceedings of the 27th ACM International Conference on Multimedia},
  pages={1509--1517},
  year={2019}
}

@inproceedings{shao2018feature,
  title={Feature constrained by pixel: Hierarchical adversarial deep domain adaptation},
  author={Shao, Rui and Lan, Xiangyuan and Yuen, Pong C},
  booktitle={Proceedings of the 26th ACM international conference on Multimedia},
  pages={220--228},
  year={2018}
}

@inproceedings{shu2015weakly,
  title={Weakly-shared deep transfer networks for heterogeneous-domain knowledge propagation},
  author={Shu, Xiangbo and Qi, Guo-Jun and Tang, Jinhui and Wang, Jingdong},
  booktitle={Proceedings of the 23rd ACM international conference on Multimedia},
  pages={35--44},
  year={2015}
}

@inproceedings{YaoZLY19,
  author    = {Yuan Yao and
               Yu Zhang and
               Xutao Li and
               Yunming Ye},
  editor    = {Laurent Amsaleg and
               Benoit Huet and
               Martha A. Larson and
               Guillaume Gravier and
               Hayley Hung and
               Chong{-}Wah Ngo and
               Wei Tsang Ooi},
  title     = {Heterogeneous Domain Adaptation via Soft Transfer Network},
  booktitle = {Proceedings of the 27th {ACM} International Conference on Multimedia},
  pages     = {1578--1586},
  year      = {2019}
}

@inproceedings{zhang2019generative,
  title={Generative Reconstructive Hashing for Incomplete Video Analysis},
  author={Zhang, Jingyi and Wei, Zhen and Duta, Ionut Cosmin and Shen, Fumin and Liu, Li and Zhu, Fan and Xu, Xing and Shao, Ling and Shen, Heng Tao},
  booktitle={Proceedings of the 27th ACM International Conference on Multimedia},
  pages={845--854},
  year={2019}
}

@article{chen2019joint,
  title={Joint Semantic Domain Alignment and Target Classifier Learning for Unsupervised Domain Adaptation},
  author={Chen, Dong-Dong and Wang, Yisen and Yi, Jinfeng and Chen, Zaiyi and Zhou, Zhi-Hua},
  journal={arXiv preprint arXiv:1906.04053},
  year={2019}
}

@article{Simonyan2015VeryDC,
	title={Very Deep Convolutional Networks for Large-Scale Image Recognition},
	author={K. Simonyan and Andrew Zisserman},
	journal={CoRR},
	year={2015},
	volume={abs/1409.1556}
}

@article{Sun2016ReturnOF,
	title={Return of Frustratingly Easy Domain Adaptation},
	author={Baochen Sun and Jiashi Feng and Kate Saenko},
	journal={ArXiv},
	year={2016},
	volume={abs/1511.05547}
}

@article{pan2010domain,
	title={Domain adaptation via transfer component analysis},
	author={Pan, Sinno Jialin and Tsang, Ivor W and Kwok, James T and Yang, Qiang},
	journal={IEEE Transactions on Neural Networks},
	volume={22},
	number={2},
	pages={199--210},
	year={2010},
	publisher={IEEE}
}

@INPROCEEDINGS{6751479,
	author={B. {Fernando} and A. {Habrard} and M. {Sebban} and T. {Tuytelaars}},
	booktitle={2013 IEEE International Conference on Computer Vision}, 
	title={Unsupervised Visual Domain Adaptation Using Subspace Alignment}, 
	year={2013},
	volume={},
	number={},
	pages={2960-2967},
	doi={10.1109/ICCV.2013.368}}

@article{li2019locality,
	title={Locality preserving joint transfer for domain adaptation},
	author={Li, Jingjing and Jing, Mengmeng and Lu, Ke and Zhu, Lei and Shen, Heng Tao},
	journal={IEEE Transactions on Image Processing},
	volume={28},
	number={12},
	pages={6103--6115},
	year={2019},
	publisher={IEEE}
}

@article{chen2020domain,
	title={Domain adaptation by joint distribution invariant projections},
	author={Chen, Sentao and Harandi, Mehrtash and Jin, Xiaona and Yang, Xiaowei},
	journal={IEEE Transactions on Image Processing},
	volume={29},
	pages={8264--8277},
	year={2020},
	publisher={IEEE}
}

@inproceedings{gong2012geodesic,
	title={Geodesic flow kernel for unsupervised domain adaptation},
	author={Gong, Boqing and Shi, Yuan and Sha, Fei and Grauman, Kristen},
	booktitle={2012 IEEE conference on computer vision and pattern recognition},
	pages={2066--2073},
	year={2012},
	organization={IEEE}
}

@article{Wu2020GeometricKE,
	title={Geometric Knowledge Embedding for unsupervised domain adaptation},
	author={Hanrui Wu and Yuguang Yan and Yuzhong Ye and M. Ng and Q. Wu},
	journal={Knowl. Based Syst.},
	year={2020},
	volume={191},
	pages={105155}
}

@article{li2020maximum,
	title={Maximum density divergence for domain adaptation},
	author={Li, Jingjing and Chen, Erpeng and Ding, Zhengming and Zhu, Lei and Lu, Ke and Shen, Heng Tao},
	journal={IEEE transactions on pattern analysis and machine intelligence},
	year={2020},
	publisher={IEEE}
}

@inproceedings{hu2020unsupervised,
	title={Unsupervised domain adaptation with hierarchical gradient synchronization},
	author={Hu, Lanqing and Kan, Meina and Shan, Shiguang and Chen, Xilin},
	booktitle={Proceedings of the IEEE/CVF Conference on Computer Vision and Pattern Recognition},
	pages={4043--4052},
	year={2020}
}

@inproceedings{yang2020mind,
	title={Mind the Discriminability: Asymmetric Adversarial Domain Adaptation},
	author={Yang, Jianfei and Zou, Han and Zhou, Yuxun and Zeng, Zhaoyang and Xie, Lihua},
	booktitle={European Conference on Computer Vision},
	pages={589--606},
	year={2020},
	organization={Springer}
}